<?xml version="1.0" encoding="UTF-8"?><collection xmlns="http://www.loc.gov/MARC21/slim"><record><leader>00389nam--2200145-i-4500</leader><controlfield tag="001">000010908</controlfield><controlfield tag="002">20161230</controlfield><controlfield tag="005">20161230201029</controlfield><controlfield tag="008">060222s1000------------r-----000-0-eng-d</controlfield><datafield ind1=" " ind2=" " tag="080"><subfield code="a">539.12.04(O47.1) 577.3(047.1):621.039.7.14(047</subfield></datafield><datafield ind1=" " ind2=" " tag="100"><subfield code="a">Almquist, E</subfield></datafield><datafield ind1=" " ind2=" " tag="245"><subfield code="a">Zooplankton in tvaren 1961-1963</subfield></datafield><datafield ind1=" " ind2=" " tag="260"><subfield code="a">Nykoping, Aktiebolaget Atomenergi, 1973</subfield></datafield><datafield ind1=" " ind2=" " tag="490"><subfield code="a">Ae 483</subfield></datafield><datafield ind1=" " ind2=" " tag="852"><subfield code="a">15157</subfield></datafield></record></collection>